@misc{aim2024,
  author = {{Seth Katz}},
  title = {Aim is All You Need},
  year = {2024},
  howpublished = {\url{https://aim-is-all-you-need.blogspot.com/}},
  note = {Accessed: 2024-09-06}
}

@misc{chatgpt,
  author = {{OpenAI}},
  title = {ChatGPT},
  year = {2024},
  howpublished = {\url{https://chatgpt.com/}},
  note = {Accessed: 2024-09-06}
}

@misc{starship,
  author = {{SpaceX}},
  title = {SpaceX Starship},
  year = {2024},
  howpublished = {\url{https://www.spacex.com/vehicles/starship/}},
  note = {Accessed: 2024-09-06}
}

@misc{startrek,
  author = {{Star Trek}},
  title = {Star Trek},
  year = {2024},
  howpublished = {\url{https://www.startrek.com/}},
  note = {Accessed: 2024-09-06}
}

@misc{projorion,
  author = {{Wikipedia}},
  title = {Project Orion (Nuclear pulse propulsion)},
  year = {2024},
  howpublished = {\url{https://en.wikipedia.org/wiki/Project_Orion_(nuclear_propulsion)}},
  note = {Accessed: 2024-09-06}
}

@misc{outer_space_treaty,
  author = {{United Nations}},
  title = {Outer Space Treaty},
  year = {1967},
  howpublished = {\url{https://2009-2017.state.gov/t/isn/5181.htm}},
  note = {Accessed: 2024-09-06}
}

@misc{orion_reflections,
  author = {{Jeremy Bernstein}},
  title = {Reflections on Project Orion},
  year = {2020},
  howpublished = {\url{https://inference-review.com/article/reflections-on-project-orion}},
  note = {Accessed: 2024-09-06}
}

@misc{spacex_earth_earth,
    author={{SpaceX}},
    title={SpaceX Earth to Earth},
    howpublished={\url{https://www.youtube.com/watch?v=zqE-ultsWt0&t=7s}},
    year={2017}, 
    note = {Accessed: 2024-09-06}
}

@misc{spacex_user_guide,
    author={{SpaceX}},
    title={Starship User Guide},
    year={2020},
    howpublished={\url{https://www.spacex.com/media/starship_users_guide_v1.pdf}},
    note = {Accessed: 2024-09-06}
}

@misc{concorde_expensive,
     author={{Natanel Terefe}},
     title={Why the Concorde was Discontinued and Why it won't be Coming Back},
     year={2019},
     howpublished={\url{https://blog.museumofflight.org/why-the-concorde-was-discontinued-and-why-it-wont-be-coming-back}},
     note = {Accessed: 2024-09-06}
}